<record><leader>00000cas a22000007a 4500</leader><controlfield tag="001">19580474</controlfield><controlfield tag="008">890421d1943194uwvusr ne      0    0eng d</controlfield><datafield ind1=" " ind2=" " tag="010"><subfield code="a">sn 89077822 </subfield></datafield><datafield ind1=" " ind2=" " tag="040"><subfield code="a">NPH</subfield><subfield code="b">eng</subfield><subfield code="c">NPH</subfield><subfield code="d">OCL</subfield><subfield code="d">NLM</subfield><subfield code="d">OCLCQ</subfield><subfield code="d">OCLCF</subfield><subfield code="d">OCLCO</subfield></datafield><datafield ind1="7" ind2=" " tag="016"><subfield code="a">52430140R</subfield><subfield code="2">DNLM</subfield></datafield><datafield ind1="7" ind2=" " tag="016"><subfield code="a">A69247000</subfield><subfield code="2">DNLM</subfield></datafield><datafield ind1="1" ind2=" " tag="029"><subfield code="a">NLM</subfield><subfield code="b">52430140R</subfield></datafield><datafield ind1="1" ind2=" " tag="029"><subfield code="a">AU@</subfield><subfield code="b">000020568035</subfield></datafield><datafield ind1=" " ind2=" " tag="042"><subfield code="a">msc</subfield></datafield><datafield ind1=" " ind2=" " tag="043"><subfield code="a">n-us-wv</subfield></datafield><datafield ind1="0" ind2="0" tag="060"><subfield code="a">WX 2 A2W4</subfield><subfield code="b">A8a</subfield></datafield><datafield ind1="0" ind2="4" tag="245"><subfield code="a">The Ashford news.</subfield></datafield><datafield ind1=" " ind2=" " tag="260"><subfield code="a">White Sulfur Springs, W. Va. :</subfield><subfield code="b">Ashford General Hospital,</subfield><subfield code="c">1943-</subfield></datafield><datafield ind1=" " ind2=" " tag="300"><subfield code="a">v.</subfield></datafield><datafield ind1=" " ind2=" " tag="310"><subfield code="a">Semimonthly</subfield></datafield><datafield ind1="0" ind2=" " tag="362"><subfield code="a">Vol. 1, no. 1 (Jan. 1, 1943)-</subfield></datafield><datafield ind1=" " ind2=" " tag="500"><subfield code="a">Printed by Sentinel Publishers, Inc. for Special Services and Public Relations Officer.</subfield></datafield><datafield ind1=" " ind2="0" tag="650"><subfield code="a">World War, 1939-1945</subfield><subfield code="z">West Virginia</subfield><subfield code="v">Newspapers.</subfield></datafield><datafield ind1=" " ind2="7" tag="655"><subfield code="a">Newspapers.</subfield><subfield code="2">fast</subfield><subfield code="0">(OCoLC)fst01423814</subfield></datafield><datafield ind1="2" ind2="7" tag="611"><subfield code="a">World War (1939-1945)</subfield><subfield code="2">fast</subfield><subfield code="0">(OCoLC)fst01180924</subfield></datafield><datafield ind1=" " ind2="7" tag="648"><subfield code="a">1939 - 1945</subfield><subfield code="2">fast</subfield></datafield><datafield ind1=" " ind2="7" tag="651"><subfield code="a">West Virginia.</subfield><subfield code="2">fast</subfield><subfield code="0">(OCoLC)fst01205316</subfield></datafield><datafield ind1=" " ind2=" " tag="752"><subfield code="a">United States</subfield><subfield code="b">West Virginia</subfield><subfield code="c">Greenbriar</subfield><subfield code="d">White Sulfur Springs.</subfield></datafield></record>